@article{leach2018iain,
  title={{Iain M. Banks--Human, Posthuman and Beyond Human}},
  author={Leach, Antonia},
  journal={ELOPE: English Language Overseas Perspectives and Enquiries},
  volume={15},
  number={1},
  pages={69--81},
  year={2018}
}

@article{martin2021shadow,
	title={{In the Shadow of the Culture: The Ethics of Intervention, AI Rights, and Utopia in Iain M. Banksâ€™s The Algebraist}},
	author={Mart{\'\i}n, Sara},
	journal={Extrapolation},
	volume={62},
	number={2},
	pages={181--197},
	year={2021},
	publisher={Liverpool University Press}
}
